@inproceedings{kumar2011,
  title={TweetTracker: An Analysis Tool for Humanitarian and Disaster Relief.},
  author={Kumar, Shamanth and Barbier, Geoffrey and Abbasi, Mohammad Ali and Liu, Huan},
  booktitle={ICWSM},
  year={2011}
}


@inproceedings{imranaidr2014,
  title={Aidr: Artificial intelligence for disaster response},
  author={Imran, Muhammad and Castillo, Carlos and Lucas, Ji and Meier, Patrick and Vieweg, Sarah},
  booktitle={Proceedings of the companion publication of the 23rd international conference on World wide web companion},
  pages={159--162},
  year={2014},
  organization={International World Wide Web Conferences Steering Committee}
}

@inproceedings{olteanu2014,
  title={CrisisLex: A Lexicon for Collecting and Filtering Microblogged Communications in Crises.},
  author={Olteanu, Alexandra and Castillo, Carlos and Diaz, Fernando and Vieweg, Sarah},
  booktitle={ICWSM},
  year={2014}
}



@article{ashktorab2014tweedr,
  title={Tweedr: Mining twitter to inform disaster response},
  author={Ashktorab, Zahra and Brown, Christopher and Nandi, Manojit and Culotta, Aron},
  journal={Proc. of ISCRAM},
  year={2014}
}


